@phdthesis{pennings94,
  added-at = {2009-05-10T18:36:57.000+0200},
  author = {Pennings, Maarten C.},
  biburl = {http://www.bibsonomy.org/bibtex/2637d3df5798e294a9db815db6f88dfe2/dparigot},
  description = {Attribute Grammar},
  interhash = {1da313a87b97e3c087818b44ebd00312},
  intrahash = {637d3df5798e294a9db815db6f88dfe2},
  keywords = {circ eval incr},
  month = {November},
  school = {Computer Science, Utrecht University},
  timestamp = {2009-05-10T18:36:57.000+0200},
  title = {Generating incremental attribute evaluators},
  type = {Ph.{D}. Thesis},
  url = {ftp://ftp.cs.ruu.nl/pub/RUU/CS/phdtheses/Pennings},
  year = 1994
}
@incollection{combinator-languages,
  title={Designing and implementing combinator languages},
  author={Swierstra, S. Doaitse and Alcocer, Pablo R. Azero and Saraiva, João},
  booktitle={Advanced Functional Programming},
  pages={150--206},
  year={1999},
  publisher={Springer Berlin Heidelberg},
  volume={1608},
  series={Lecture Notes in Computer Science}
}

@inproceedings{hoags,
 author = {Vogt, Harald and Swierstra, S. Doaitse and Kuiper, Matthijs. F.},
 title = {Higher Order Attribute Grammars},
 booktitle = {Proceedings of the ACM SIGPLAN 1989 Conference on Programming Language Design and Implementation},
 series = {PLDI '89},
 year = {1989},
 isbn = {0-89791-306-X},
 location = {Portland, Oregon, USA},
 pages = {131--145},
 numpages = {15},
 url = {http://doi.acm.org/10.1145/73141.74830},
 doi = {10.1145/73141.74830},
 acmid = {74830},
 publisher = {ACM},
 address = {New York, NY, USA},
} 
@book{dijkstra05,
  title={Stepping Through Haskell},
  author={Dijkstra, Atze},
  isbn={9789039340707},
  year={2005}
}
@book{haskellbook,
	Author 		= 	{Peyton Jones et al., Simon},
	Publisher 	= 	{Cambridge University Press},
	Title 		= 	{Haskell 98, Language and Libraries. The Revised Report},
	Year 		= 	{2003}}
@article{kastens78,
    year    ={1978},
    volume  ={Bericht No. 78},
    number  ={7},
    title   ={Ordered attributed grammars},
    publisher   ={Universit{ä}t Karlsruhe},
    journal   ={Universit{ä}t Karlsruhe},
    author  ={Kastens, Uwe},
}

@book{synthesizer-generator,
  added-at = {2011-05-05T00:00:00.000+0200},
  author = {Reps, Thomas W. and Teitelbaum, Tim},
  biburl = {http://www.bibsonomy.org/bibtex/2f15eb1fe7dc2258ad1b73d9dda7d9564/dblp},
  interhash = {6d92f62c932d85a8d060337fa955991f},
  intrahash = {f15eb1fe7dc2258ad1b73d9dda7d9564},
  isbn = {978-3-540-96910-5},
  keywords = {dblp},
  pages = {I-XI, 1-171},
  publisher = {Springer},
  series = {Texts and monographs in computer science},
  timestamp = {2011-05-05T00:00:00.000+0200},
  title = {The synthesizer generator reference manual (3. ed.).},
  year = 1989
}

@article{kastens80,
    year    ={1980},
    issn    ={0001-5903},
    journal ={Acta Informatica},
    volume  ={13},
    number  ={3},
    doi     ={10.1007/BF00288644},
    title   ={Ordered attributed grammars},
    url     ={http://dx.doi.org/10.1007/BF00288644},
    publisher   ={Springer-Verlag},
    author  ={Kastens, Uwe},
    pages   ={229-256},
    language={English}
}

@inproceedings{kennedywarren76,
     author = {Kennedy, Ken and Warren, Scott K.},
     title = {Automatic generation of efficient evaluators for attribute grammars},
     booktitle = {Proceedings of the 3rd ACM SIGACT-SIGPLAN symposium on Principles on programming languages},
     series = {POPL '76},
     year = {1976},
     location = {Atlanta, Georgia},
     pages = {32--49},
     numpages = {18},
     url = {http://doi.acm.org/10.1145/800168.811538},
     doi = {10.1145/800168.811538},
     acmid = {811538},
     publisher = {ACM},
     address = {New York, NY, USA},
}

@article{knuth68,
    year={1968},
    issn={0025-5661},
    journal={Mathematical systems theory},
    volume={2},
    number={2},
    doi={10.1007/BF01692511},
    title={Semantics of context-free languages},
    url={http://dx.doi.org/10.1007/BF01692511},
    publisher={Springer-Verlag},
    author={Knuth, Donald E.},
    pages={127-145},
    language={English}
}

@article{bochmann76,
     author = {Bochmann, Gregor V.},
     title = {Semantic evaluation from left to right},
     journal = {Commun. ACM},
     issue_date = {Feb. 1976},
     volume = {19},
     number = {2},
     month = feb,
     year = {1976},
     issn = {0001-0782},
     pages = {55--62},
     numpages = {8},
     url = {http://doi.acm.org/10.1145/359997.359999},
     doi = {10.1145/359997.359999},
     acmid = {359999},
     publisher = {ACM},
     address = {New York, NY, USA},
     keywords = {attribute grammars, left-to-right parsing, multipass compilers, semantic attributes, semantic conditions, semantic evaluation, semantics of programming languages},
} 
@article{alblas91,
year={1991},
isbn={978-3-540-54572-9},
booktitle={Attribute Grammars, Applications and Systems},
volume={545},
series={Lecture Notes in Computer Science},
editor={Alblas, Henk and Melichar, Bořivoj},
doi={10.1007/3-540-54572-7_3},
title={Attribute evaluation methods},
url={http://dx.doi.org/10.1007/3-540-54572-7_3},
publisher={Springer Berlin Heidelberg},
author={Alblas, Henk},
pages={48-113}
}
@book{saraiva99,
  title={Purely Functional Implementation of Attribute Grammars: Zuiver Functionele Implementatie Van Attributengrammatica's},
  author={Saraiva, João},
  isbn={9789039322826},
  series={IPA dissertation series},
  url={http://books.google.nl/books?id=yFqTAAAACAAJ},
  year={1999},
  publisher={IPA},
  school={Utrecht University}
}
@article{engelfriet82,
          volume = {24},
          number = {3},
          author = {Joost {Engelfriet} and Gilberto {Fil\`e}},
           title = {Simple multi-visit attribute grammars},
       publisher = {Academic Press},
         journal = {Journal of computer and system sciences},
           pages = {283--314},
            year = {1982}
}
@InCollection{bransen2012,
year={2012},
isbn={978-3-642-27693-4},
booktitle={Practical Aspects of Declarative Languages},
volume={7149},
series={Lecture Notes in Computer Science},
editor={Russo, Claudio and Zhou, Neng-Fa},
doi={10.1007/978-3-642-27694-1_14},
title={The {K}ennedy-{W}arren Algorithm Revisited: Ordering Attribute Grammars},
url={http://dx.doi.org/10.1007/978-3-642-27694-1_14},
publisher={Springer Berlin Heidelberg},
keywords={Attribute Grammars; Haskell; Dependency graph; Ordered},
author={Bransen, Jeroen and Middelkoop, Arie and Dijkstra, Atze and Swierstra, S.Doaitse},
pages={183-197},
language={English}
}
 

@InProceedings{natori99,
  author = "Shin Natori and Katsuhiko Gondow and Takashi Imaizumi and 
         Takeshi Hagiwara and Takuya Katayama",
  title = "On {E}liminating {T}ype 3 {C}ircularities of {O}rdered
		  {A}ttribute {G}rammars",
  booktitle = "Second Workshop on Attribute Grammars and their
		  Applications, WAGA'99",
  year ="1999",
  address ="Amsterdam, The Netherlands",
  editor = "D. Parigot and M. Mernik",
  publisher ="INRIA rocquencourt",  
  pages ="93--112",		  
  month = "March",		  
  mail = "gondow@jaist.ac.jp",		  
  abstract = "Ordered attribute grammars (OAGs for short) are a useful class of
        attribute grammars (AGs).  For some attribute grammars, even though
        they are not circular, OAG circularity test reports that they are not
        ordered and fails to generate attribute evaluators because of the
        existence of type 3 circularities.  First we discuss that it is
        sometimes difficult for programmers to eliminate type 3 circularities
        by hand.  Secondly, in order to reduce this difficulty, we propose a
        new AG class called OAG* that produces less type 3 circularities than
        OAG while preserving the positive characteristic of OAG.  We also show
        that we obtained good results with our experimental
		  implementation.",		  
  postscript = "proceedings/natori/natori.ps",
  ppdf = "proceedings/natori/natori.pdf",		  
  url ="http://www-rocq.inria.fr/oscar/www/fnc2/WAGA99/accept.html",		  
}

